<?xml version="1.0" encoding="UTF-8"?><collection xmlns="http://www.loc.gov/MARC21/slim"><record><leader>00353nam--2200121-i-4500</leader><controlfield tag="001">000037358</controlfield><controlfield tag="002">20161230</controlfield><controlfield tag="005">20161230201041</controlfield><controlfield tag="008">060222s1000------------r-----000-0-eng-d</controlfield><datafield ind1=" " ind2=" " tag="080"><subfield code="a">621(061.3)</subfield></datafield><datafield ind1=" " ind2=" " tag="245"><subfield code="a">Pkrkogrese in  teoria si aplicatiile tehnologiilor neconventionale. program</subfield></datafield><datafield ind1=" " ind2=" " tag="260"><subfield code="a">Sibiu, Inst.De Invatamint Superior, 1982. 31 P</subfield></datafield><datafield ind1=" " ind2=" " tag="852"><subfield code="a">71576</subfield></datafield></record></collection>